@book{bass2021,
  author = {Bass, Len and Clements, Paul and Kazman, Rick},
  title = {Software Architecture in Practice},
  year = {2021},
  edition = {4},
  publisher = {Addison-Wesley},
  language = {english}
}

@book{richards2020,
  author = {Richards, Mark and Ford, Neal},
  title = {Fundamentals of Software Architecture},
  year = {2020},
  publisher = {O'Reilly Media},
  language = {english}
}

@book{villalobos2022,
  author = {Villalobos, Juan},
  title = {Arquitecturas de Software Modernas},
  year = {2022},
  publisher = {Alfaomega Grupo Editor},
  language = {spanish}
}
